<?xml version="1.0" encoding="UTF-8"?><collection xmlns="http://www.loc.gov/MARC21/slim"><record><leader>00340nam--2200121-i-4500</leader><controlfield tag="001">000049140</controlfield><controlfield tag="002">20161230</controlfield><controlfield tag="005">20161230201047</controlfield><controlfield tag="008">060222s1000------------r-----000-0-eng-d</controlfield><datafield ind1=" " ind2=" " tag="245"><subfield code="a">Radiotron designer`s handbook. fourth edition</subfield></datafield><datafield ind1=" " ind2=" " tag="260"><subfield code="a">Harrison, M.J., Rca Electronic Components, 1952, Xl+1498p</subfield></datafield><datafield ind1=" " ind2=" " tag="700"><subfield code="a">Langford-smith,F</subfield></datafield><datafield ind1=" " ind2=" " tag="852"><subfield code="a">30051</subfield></datafield></record></collection>